/Users/nagatou/Thesis/reference.bib